% This file was created with Citavi 5.3.1.0

@book{Banscherus.2014,
 year = {2014},
 title = {{\"U}berg{\"a}nge im Spannungsfeld von Expansion und Exklusion: Eine Analyse der Schnittstellen im deutschen Hochschulsystem},
 keywords = {Deutschland;Hochschulsystem;Wissenschaftsbetrieb, Hochschulwesen, Studium},
 address = {Bielefeld},
 volume = {121},
 publisher = {Bertelsmann},
 isbn = {978-3763943753},
 series = {GEW Materialien aus Hochschule und Forschung},
 editor = {Banscherus, Ulf and B{\"u}low-Schramm, Margret and Himpele, Klemens and Staack, Sonja and Winter, Sarah}
}



@incollection{Netz.2014,
 author = {Netz, Nicolai},
 title = {Der Zugang zu studienbezogenen Auslandsaufenthalten aus Sicht von Hochschulpolitik und Hochschulforschung: Eine Bestandsaufnahme},
 keywords = {{\_}Sozialerhebung},
 pages = {81--97},
 volume = {121},
 publisher = {Bertelsmann},
 isbn = {978-3763943753},
 series = {GEW Materialien aus Hochschule und Forschung},
 editor = {Banscherus, Ulf and B{\"u}low-Schramm, Margret and Himpele, Klemens and Staack, Sonja and Winter, Sarah},
 booktitle = {{\"U}berg{\"a}nge im Spannungsfeld von Expansion und Exklusion},
 year = {2014},
 address = {Bielefeld},
 doi = {10.3278/6001596w}
}



@article{Hauschildt.2013c,
 author = {Hauschildt, Kristina and Jaeger, Michael},
 year = {2013},
 title = {Kompetenzf{\"o}rderung von Ingenieurnachwuchs im Rahmen von FuE-Projekten},
 url = {http://www.zfhe.at/index.php/zfhe/article/view/470/519},
 keywords = {{\_} Absolventenpanel},
 pages = {88--101},
 volume = {8},
 number = {1},
 journal = {Zeitschrift f{\"u}r Hochschulentwicklung}
}


@article{Helbig.2012,
 author = {Helbig, Marcel and Baier, Tina and Kroth, Anna J.},
 year = {2012},
 title = {Die Auswirkung von Studiengeb{\"u}hren auf die Studierneigung in Deutschland. Evidenz aus einem nat{\"u}rlichen Experiment auf Basis der HIS-Studienberechtigtenbefragung},
 keywords = {{\_}Studienberechtigtenpanel;Studienberechtigtenpanel 2002-2008},
 pages = {227--246},
 volume = {41},
 number = {3},
 journal = {Zeitschrift f{\"u}r Soziologie}
}


@article{Jaksztat.2014,
 author = {Jaksztat, Steffen},
 year = {2014},
 title = {Bildungsherkunft und Promotionen: Wie beeinflusst das elterliche Bildungsniveau den {\"U}bergang in die Promotionsphase?},
 keywords = {{\_} Absolventenpanel},
 pages = {286--301},
 volume = {43},
 number = {4},
 journal = {Zeitschrift f{\"u}r Soziologie}
}




@article{Kratz.2016,
 author = {Kratz, Fabian and Netz, Nicolai},
 year = {2016},
 title = {Which mechanisms explain monetary returns to international student mobility?},
 issn = {0307-5079},
 journal = {Studies in Higher Education},
 doi = {10.1080/03075079.2016.1172307}
}


@article{Kristen.2008,
 abstract = {[...]  Thereafter, using three large datasets from the German Higher Education Information  System Institute (HIS) from 1990, 1994, and 1999, we investigate ethnic disparities in the chances of entering tertiary education, [...]},
 author = {Kristen, Cornelia and Reimer, David and Kogan, Irena},
 year = {2008},
 title = {Higher education entry of Turkish immigrant youth in Germany},
 keywords = {{\_}Studienberechtigtenpanel;Longitudinal Studienberechtigten},
 pages = {127--151},
 volume = {49},
 number = {2-3},
 journal = {International Journal of Comparative Sociology}
}


@article{Lorz.2011,
 author = {L{\"o}rz, Markus and Krawietz, Marian},
 year = {2011},
 title = {Internationale Mobilit{\"a}t und soziale Selektivit{\"a}t: Ausma{\ss}, Mechanismen und Entwicklung herkunftsspezifischer Unterschiede zwischen 1990 und 2005},
 keywords = {{\_}Studienberechtigtenpanel;Longitudinal Studienberechtigten},
 pages = {185--205},
 volume = {63},
 number = {2},
 journal = {K{\"o}lner Zeitschrift f{\"u}r Soziologie und Sozialpsychologie},
 doi = {10.1007/s11577-011-0134-5}
}


@article{Netz.2015,
 author = {Netz, Nicolai},
 year = {2015},
 title = {What Deters Students from Studying Abroad? Evidence from Four European Countries and Its Implications for Higher Education Policy},
 keywords = {{\_}Sozialerhebung},
 pages = {151--174},
 volume = {28},
 number = {2},
 journal = {Higher Education Policy}
}


@article{Reimer.2010,
 author = {Reimer, David and Pollak, Reinhard},
 year = {2010},
 title = {Educational expansion and its consequences for vertical and horizontal inequalities in access to higher education in west Germany},
 keywords = {{\_}Studienberechtigtenpanel;Longitudinal Studienberechtigten},
 pages = {415--430},
 volume = {26},
 number = {4},
 journal = {European Sociological Review}
}


@article{Schaeper.2009,
 author = {Schaeper, Hildegard},
 year = {2009},
 title = {Development of competencies and teaching--learning arrangements in higher education: findings from Germany},
 pages = {677--697},
 volume = {34},
 number = {6},
 issn = {0307-5079},
 journal = {Studies in Higher Education},
 doi = {10.1080/03075070802669207}
}


@incollection{Schaeper.2014,
 author = {Schaeper, Hildegard and Grotheer, Michael and Brandt, Gesche},
 title = {Familiengr{\"u}ndung von Hochschulabsolventinnen. Eine empirische Untersuchung verschiedener Examenskohorten},
 pages = {47--80},
 publisher = {{VS Verlag f{\"u}r Sozialwissenschaften}},
 isbn = {978-3-531-18355-8},
 editor = {Konietzka, Dirk and Kreyenfeld, Michaela},
 booktitle = {Ein Leben ohne Kinder},
 year = {2014},
 address = {Wiesbaden},
 doi = {10.1007/978-3-531-94149-3{\textunderscore }2}
}


@article{Schindler.2010b,
 abstract = {Soziale Disparit{\"a}ten bei Bildungs{\"u}berg{\"a}ngen lassen sich nach Boudon auf prim{\"a}re und sekund{\"a}re Effekte der sozialen Herkunft zur{\"u}ckf{\"u}hren. Prim{\"a}re Effekte bezeichnen herkunftsabh{\"a}ngige Unterschiede im schulischen Leistungsniveau, sekund{\"a}re Effekte bezeichnen soziale Unterschiede bei Bildungsentscheidungen, die dar{\"u}ber hinaus auch bei gleichen Leistungen auftreten. Anhand von vier von der Hochschul-Informations-System GmbH (HIS) bereitgestellten Datens{\"a}tzen {\"u}ber Studienberechtigtenkohorten von 1983 bis 1999 berechnen wir durch kontrafaktische Dekompositionsmethoden die relative Bedeutung prim{\"a}rer und sekund{\"a}rer Effekte beim Zugang zur Hochschulbildung. Dar{\"u}ber hinaus versuchen wir sekund{\"a}re Effekte zu modellieren. Es zeigt sich, dass die soziale Ungleichheit beim {\"U}bergang zur Hochschule haupts{\"a}chlich auf sekund{\"a}re Effekte zur{\"u}ckzuf{\"u}hren ist. Sie machen etwa 80 {\%} der Disparit{\"a}ten zwischen Studienberechtigten aus Dienst- und Arbeiterklassen aus und lassen sich insbesondere durch finanzielle Aspekte der Ausbildungswahl, durch Interesse an wissenschaftlicher Arbeit, aber auch durch die Art und Weise des Erwerbs der Hochschulreife erkl{\"a}ren. Ferner zeigt sich, dass trotz eines leichten Anstiegs der sozialen Selektivit{\"a}ten beim Hochschulzugang das Verh{\"a}ltnis von prim{\"a}ren und sekund{\"a}ren Effekten {\"u}ber den Beobachtungszeitraum stabil bleibt.},
 author = {Schindler, Steffen and Reimer, David},
 year = {2010},
 title = {Prim{\"a}re und sekund{\"a}re Effekte der sozialen Herkunft beim {\"U}bergang in die Hochschulbildung},
 pages = {623--653},
 volume = {62},
 number = {4},
 journal = {K{\"o}lner Zeitschrift f{\"u}r Soziologie und Sozialpsychologie},
 doi = {10.1007/s11577-010-0119-9}
}


@article{Schindler.2012b,
 author = {Schindler, Steffen and L{\"o}rz, Markus},
 year = {2012},
 title = {Mechanisms of social inequality development: Primary and secondary effects in the transition to tertiary education between 1976 and 2005},
 keywords = {{\_}Studienberechtigtenpanel},
 pages = {647--660},
 volume = {28},
 number = {5},
 journal = {European Sociological Review},
 doi = {10.1093/esr/jcr032}
}



